0302                1    16082FBP. ATTAWFIK MF                  Fra.LY0223         4584885745585454)2                                             0044854558 
0602              5665653     KJKKOPPP JKLML                                          55656565656565650000000000585000)            LOYER 022023      0025635665 
0602              H354534     VAVA FAFA                                               47687454687425460000000000450000)            LOYER 022023      0065654687 
0602              BJ36877     CHARIJI ABDELLAH        AOURIR                          11111292695000200000000001020000)            LOYER 022023      0000101217 
0602              J2545456    JALAL MED               AGG                             45641654764565460000000000450000)            LOYER 022023      0026546345 
0802                                                                                                  0000000002505000                                          