0302                1    01032022 ATTAWFIQ MICRO FINANCE               Fra.LY032022         0000000000000000)2                                             0000000000 
0602              MP5552      Karim alaoui            lm                              3322001245786686810000          )            LOYER032022        
0602              RT123456    test test               test                            545678912956732 1110000         )            LOYER032022        
0802                                                                                                  1920000                                                   