0302                1    06052 ATTAWFIQ MICRO FINANCE               Fra.LY042022         0000000000000000)2                                             0000000000 
0602              12345678    Youssef You                                             87682142121245450000000000850000)            LOYER 042022       0011245687 
0602              1212312     Anas You                                                12121251634532130000000001700000)            LOYER 042022       0012021221 
0602              12345989    Test Tset                                               23124365321321000000000001700000)            LOYER 042022       0011201200 
0802                                                                                                  0000000004250000                                          