0302                1    16082FBP. ATTAWFIK MF                  Fra.LY1222         9685741425369685)2                                             0014253620 
0602              H354534     VAVA FAFA                                               47687454687425460000000000450000)            LOYER 122022      0065654687 
0802                                                                                                  0000000000450000                                          