0302                1    04102FBP. Micro-Credit                    Fra.LY0922         5356775664646657)2                                             0093847673
0602              51721728    NASIRI HASNAA                                           87879898989809000000000002960001)            LOYER 092022      0054657690 
0802                                                                                                  0000000002960001                                          