0302                1    23062FBP. Micro-Crédit                    Fra.LY0522         0000000000000000)2                                             0000000000 
0602              D235689     KAMILIA LALA            AG1                             86748615346874360000000004695000)            LOYER 052022      0031456415 
0602              K3544354    ABDOU FAFA                                              67464354867482540000000002612455)            LOYER 052022      0035454858 
0602              L254654     SAMIR DADA              AGG                             86464877454867640000000000532427)            LOYER 052022      0036567452 
0602              HJ325474    SOUMIA LALA                                             64654344635454860000000022950000)            LOYER 052022      0035454564 
0602              HJ325474    SOUMIA LALA                                             64654344635454860000000005029110)            LOYER 052022      0035454564 
0602              68764654    STÉ LOCATION 22                                         76544687435464760000000002233600)            LOYER 052022      0036526487 
0602              K3545445    HANANE TIFA                                             54344768435158760000000002178500)            LOYER 052022      0054564654 
0802                                                                                                  0000000040231092                                          