0302                1    23082FBP. Micro-Credit                    Fra.LY0822         5356775664646657)2                                             0093847673
0602              J2077H4     ACHENGLI LAILA 3        AIT SOUSS                       11115087750001200000000000200000)            LOYER 082022      0000101210 
0802                                                                                                  0000000000200000                                          