0302                1    15082FBP. AMF Attaoufiq                  Fra.LY0822         8698765678765456)2                                             0045465778 
0602              J2077H4     ACHENGLI LAILA 3        AIT SOUSS                       11115087750001200000000000200000)            LOYER 082022      0000101210 
0802                                                                                                  0000000000200000                                          