0302                1    17052FBP. Micro-Crédit                    Fra.LY0622         0000000000000000)2                                             0000000000 
0602              K324554     KARIMA SASA             AGGTT                           74875457487564150000000002040000)            LOYER 062022      0036546834 
0602              IL12254     FARIDA VAVA                                             86735469786535450000000000540000)            LOYER 062022      0035468748 
0602              L5245475    MORAD JOJO              AG55                            56435467674534650000000001350000)            LOYER 062022      0024535447 
0602              L525655     KHALID RARA                                             64646874687863540000000000540000)            LOYER 062022      0035464767 
0602              D235689     KAMILIA LALA            AG1                             86748615346874360000000002040000)            LOYER 062022      0031456415 
0602              Z213568     NABIL MOMO              AG2                             68476365464586740000000001600000)            LOYER 062022      0023546465 
0602              35464645    STÉ LOCATION 1                                          86436546978734650000000000000000)            LOYER 062022      0034568746 
0602              L5245475    MORAD JOJO              AG55                            56435467674534650000000000000000)            LOYER 062022      0024535447 
0802                                                                                                  0000000008110000                                          