0302                1    01032022 ATTAWFIQ MICRO FINANCE               Fra.LY032022         0000000000000000)2                                             0000000000 
0602              AA123465    aaaaaaaa                tfsg                            1346798564314658794312119250000         )            LOYER032022        
0602              YA132457    Yassine AM              BMCE Tariq                      1346798542132454784545425500000         )            LOYER032022        
0802                                                                                                  14750000                                                  