0302                1    22082FBP. ATTAWFIK MF                  Fra.LY1222           4584885745585454)2                                             0044854558
0602              H354534     VAVA FAFA                                               47687454687425460000000000450000)            LOYER 122022      0065654687 
0802                                                                                                  0000000000450000                                          