0302                1    01092FBP. Micro-Credit                    Fra.LY1022         5356775664646657)2                                             0093847673
0602              L234567     NACER YASSINE           TOUHAMI                         98772736274634830000000001020000)            LOYER 102022      0078017043 
0602              354646      AGENCE KHATABI          AGENCE 1                        46446464646464440000000000240000)            LOYER 102022      0054544644 
0602              J207703     ACHENGLI LAILA          AIT SOUSS                       11115087750001200000000000405000)            LOYER 102022      0000101210 
0602              J207703     ACHENGLI LAILA          AIT SOUSS                       11115087750001200000000001700000)            LOYER 102022      0000101210 
0602              BJ36877     CHARIJI ABDELLAH        AOURIR                          11111292695000200000000000630000)            LOYER 102022      0000101217 
0602              J207703     AGENCE KHATABI          AGENCE 1                        46446464646464440000000001460000)            LOYER 102022      0054544644 
0802                                                                                                  0000000005455000                                          