0302                1    17052FBP. Micro-Crédit                    Fra.LY0522         0000000000000000)2                                             0000000000 
0602              HJ325474    SOUMIA LALA                                             64654344635454860000000022950000)            LOYER 052022      0035454564 
0602              HJ325474    SOUMIA LALA                                             64654344635454860000000005029110)            LOYER 052022      0035454564 
0602              68764654    STÉ LOCATION 22                                         76544687435464760000000002233600)            LOYER 052022      0036526487 
0602              K3545445    HANANE TIFA                                             54344768435158760000000002178500)            LOYER 052022      0054564654 
0602              D235689     KAMILIA LALA            AG1                             86748615346874360000000004440000)            LOYER 052022      0031456415 
0602              Z213568     NABIL MOMO              AG2                             68476365464586740000000003200000)            LOYER 052022      0023546465 
0602              35464645    STÉ LOCATION 1                                          86436546978734650000000002832343)            LOYER 052022      0034568746 
0602              L5245475    MORAD JOJO              AG55                            56435467674534650000000001109274)            LOYER 052022      0024535447 
0602              35464645    STÉ LOCATION 1                                          86436546978734650000000011250000)            LOYER 052022      0034568746 
0602              Z213568     NABIL MOMO              AG2                             68476365464586740000000003625000)            LOYER 052022      0023546465 
0802                                                                                                  0000000058847827                                          