0302                1    06042 ATTAWFIQ MICRO FINANCE               Fra.LY032022         0000000000000000)2                                             0000000000 
0602              BB196497    Ahmed Taoufiq           CIH TEST                        13496497856431130000000004600000)            LOYER 032022       0011437946 
0802                                                                                                  0000000004600000                                          