0302                1    01042022 ATTAWFIQ MICRO FINANCE               Fra.LY042022         0000000000000000)2                                             0000000000 
0602              BB196497    Ahmed Taoufiq           CIH TEST                        1143791349649785)            LOYER042022       643  11346 
0802                                                                                                  4600000                                                   