0302                1    21092FBP. Micro-Credit                    Fra.LY1023         5356775664646657)2                                             0093847673
0602              19087       AGENCE ESSALAM                                          83923023298348770000000000933333)            LOYER 102023      0067172166 
0602              B12346      BAKKALI MOHAMED         HASSAN 2                        53636372722873880000000000760000)            LOYER 102023      0078017019 
0602              1098777     AGENCE LAHLOU                                           43546576877879880000000000840000)            LOYER 102023      0012123209 
0602              FF          AGENCE KHATABI          AGENCE 1                        46446464646464440000000000705000)            LOYER 102023      0054544644 
0602              19087       AGENCE ESSALAM                                          83923023298348770000000001202500)            LOYER 102023      0067172166 
0602              B12346      BAKKALI MOHAMED         HASSAN 2                        53636372722873880000000000600000)            LOYER 102023      0078017019 
0802                                                                                                  0000000005040833                                          