0302                1    01012022 ATTAWFIQ MICRO FINANCE               Fra.LY012022         0000000000000000)2                                             0000000000 
0602              MP5552      Karim alaoui            test1                           33220012457866864230000         )            LOYER012022       55522220 
0602              RT123456    test test               test7                           545678912956732 5730000         )            LOYER012022       48978612 
0602              HJ123456    tes test                test2                           78965414235467891500000         )            LOYER012022       45645645 
0602              JK123456    test test               test3                           549851000416454 600000          )            LOYER012022       55213 
0602              DE123456    test test               test4                           32146545665100211500000         )            LOYER012022       48512 
0802                                                                                                  13560000                                                  