0302                1    01032022 ATTAWFIQ MICRO FINANCE               Fra.LY032022         0000000000000000)2                                             0000000000 
0602              aa555       ahmadu                  a                               5555555555555555555555556510000         )            LOYER032022        
0602              KS123456    Test TEST               123                             1123456789965635555555554860000         )            LOYER032022        
0802                                                                                                  11370000                                                  