0302                1    06102FBP. Micro-Credit                    Fra.LY1122         5356775664646657)2                                             0093847673
0602              IR801997    NOUBAIL MOHAMMED        KHOURIBGA ZELLAKA               00031320001960440000000000200000)            LOYER 112022      0000740063 
0802                                                                                                  0000000000200000                                          