0302                1    01032022 ATTAWFIQ MICRO FINANCE               Fra.LY032022         0000000000000000)2                                             0000000000 
0602              AR14147     aaaaaaaaaaaa            AAAAAAAA                        111111111111111222315121000             )            LOYER032022        
0802                                                                                                  000                                                       