0302                1    30082FBP. FBP. MICRO-CREDIT                  Fra.LY0922           9656846954626321)2                                             0095989565
0602              J207703     ACHENGLI LAILA          AIT SOUSS                       11115087750001200000000001700000)            LOYER 092022      0000101210 
0602              354646      SOCIETE 1               AGENCE 1                        646446464645e+250000000000240000)            LOYER 092022      005.4544   
0602              L234567     NACER YASSINE           TOUHAMI                         09877273627e+25 0000000001020000)            LOYER 092022      007.8017   
0602              354646      SOCIETE 1               AGENCE 1                        646446464645e+250000000001460000)            LOYER 092022      005.4544   
0602              B12346      BAKKALI MOHAMED         HASSAN 2                        05363637273e+25 0000000000810000)            LOYER 092022      007.8017   
0602              BJ36877     CHARIJI ABDELLAH        AOURIR                          11111292695000200000000000630000)            LOYER 092022      0000101217 
0802                                                                                                  0000000005860000                                          